@book{Calais2014,
    author    = {Calais, Josette},
    title     = {Éléments de théorie des groupes},
    publisher = {PUF},
    year      = {2014},
    isbn      = {978-2-13-063347-1},
}
